@inproceedings{webster2018gap,
 title =     {Mind the GAP: A Balanced Corpus of Gendered Ambiguou},
 author =    {Webster, Kellie and Recasens, Marta and Axelrod, Vera and Baldridge, Jason},
 booktitle = {Transactions of the ACL},
 year =      {2018},
 pages =     {to appear},
}

@inproceedings{rahman2012resolving,
  title={Resolving complex cases of definite pronouns: the winograd schema challenge},
  author={Rahman, Altaf and Ng, Vincent},
  booktitle={Proceedings of the 2012 Joint Conference on Empirical Methods in Natural Language Processing and Computational Natural Language Learning},
  pages={777--789},
  year={2012},
  organization={Association for Computational Linguistics}
}

@inproceedings{Peters:2018,
  author={Peters, Matthew E. and  Neumann, Mark and Iyyer, Mohit and Gardner, Matt and Clark, Christopher and Lee, Kenton and Zettlemoyer, Luke},
  title={Deep contextualized word representations},
  booktitle={Proc. of NAACL},
  year=2018
}

@article{devlin2018bert,
  title={BERT: Pre-training of Deep Bidirectional Transformers for Language Understanding},
  author={Devlin, Jacob and Chang, Ming-Wei and Lee, Kenton and Toutanova, Kristina},
  journal={arXiv preprint arXiv:1810.04805},
  year=2018
}

@inproceedings{vaswani2017attention,
  title={Attention is all you need},
  author={Vaswani, Ashish and Shazeer, Noam and Parmar, Niki and Uszkoreit, Jakob and Jones, Llion and Gomez, Aidan N and Kaiser, {\L}ukasz and Polosukhin, Illia},
  booktitle={Advances in neural information processing systems},
  pages={5998--6008},
  year={2017}
}


@inproceedings{pennington2014glove,
  author = {Jeffrey Pennington and Richard Socher and Christopher D. Manning},
  booktitle = {Empirical Methods in Natural Language Processing (EMNLP)},
  title = {GloVe: Global Vectors for Word Representation},
  year = {2014},
  pages = {1532--1543},
  url = {http://www.aclweb.org/anthology/D14-1162},
}

@inproceedings{wiseman2016learning,
    title = "Learning Global Features for Coreference Resolution",
    author = "Wiseman, Sam  and
      Rush, Alexander M.  and
      Shieber, Stuart M.",
    booktitle = "Proceedings of the 2016 Conference of the North {A}merican Chapter of the Association for Computational Linguistics: Human Language Technologies",
    month = jun,
    year = "2016",
    address = "San Diego, California",
    publisher = "Association for Computational Linguistics",
    url = "https://www.aclweb.org/anthology/N16-1114",
    doi = "10.18653/v1/N16-1114",
    pages = "994--1004",
}

@inproceedings{clarkmanning2016deep,
    title = "Deep Reinforcement Learning for Mention-Ranking Coreference Models",
    author = "Clark, Kevin  and
      Manning, Christopher D.",
    booktitle = "Proceedings of the 2016 Conference on Empirical Methods in Natural Language Processing",
    month = nov,
    year = "2016",
    address = "Austin, Texas",
    publisher = "Association for Computational Linguistics",
    url = "https://www.aclweb.org/anthology/D16-1245",
    doi = "10.18653/v1/D16-1245",
    pages = "2256--2262",
}

@inproceedings{lee2017end,
    title = "End-to-end Neural Coreference Resolution",
    author = "Lee, Kenton  and
      He, Luheng  and
      Lewis, Mike  and
      Zettlemoyer, Luke",
    booktitle = "Proceedings of the 2017 Conference on Empirical Methods in Natural Language Processing",
    month = sep,
    year = "2017",
    address = "Copenhagen, Denmark",
    publisher = "Association for Computational Linguistics",
    url = "https://www.aclweb.org/anthology/D17-1018",
    doi = "10.18653/v1/D17-1018",
    pages = "188--197",
 }