dhruv@smlArch.23149:1556340765